
@article{lau2003institutional,
  title={Institutional factors affecting student retention},
  author={Lau, Linda K},
  journal={Education-Indianapolis then Chula Vista-},
  volume={124},
  number={1},
  pages={126--136},
  year={2003},
  publisher={Project Innovation}
}

@article{tinto1999taking,
  title={Taking retention seriously: Rethinking the first year of college},
  author={Tinto, Vincent},
  journal={NACADA journal},
  volume={19},
  number={2},
  pages={5--9},
  year={1999},
  publisher={National Academic Advising Association}
}

@article{adejo2017,
  title={AN INTEGRATED SYSTEM FRAMEWORK FOR PREDICTING STUDENTS?ACADEMIC PERFORMANCE IN HIGHER EDUCATIONAL INSTITUTIONS},
  author={Adejo, Olugbenga and Connolly, Thomas},
  journal={International Journal o f Computer Science and Information Technology (IJCSIT)},
  volume={9},
  number={3},
  pages={149--157},
  year={2017}
}

@article{braxton2002introduction,
  title={Introduction to Special Issue: Using Theory and Research To Improve College Student Retention.},
  author={Braxton, John M},
  journal={Journal of College Student Retention: Research, Theory \& Practice},
  volume={3},
  number={1},
  pages={1--2},
  year={2002},
  publisher={ERIC}
}

@article{tinto2006,
  title={Research and practice of student retention: What next?},
  author={Tinto, Vincent},
  journal={Journal of College Student Retention: Research, Theory \& Practice},
  volume={8},
  number={1},
  pages={1--19},
  year={2006},
  publisher={SAGE Publications Sage CA: Los Angeles, CA}
}


@book{astin2012assessment,
  title={Assessment for excellence: The philosophy and practice of assessment and evaluation in higher education},
  author={Astin, Alexander W and others},
  year={2012},
  publisher={Rowman \& Littlefield Publishers}
}


@article{Murtaugh,
author = {A. Murtaugh, Paul and Burns, Leslie and Schuster, Jill},
year = {1999},
month = {06},
pages = {355-371},
title = {Predicting the Retention of University Students},
volume = {40},
booktitle = {Research in Higher Education - RES HIGH EDUC}
}

@article{bingham2016,
  title={Using enrollment data to predict retention rate},
  author={Bingham, Melissa A and Solverson, Natalie Walleser},
  journal={Journal of Student Affairs Research and Practice},
  volume={53},
  number={1},
  pages={51--64},
  year={2016},
  publisher={Taylor \& Francis}
}

@inproceedings{plagge2013using,
  title={Using artificial neural networks to predict first-year traditional students second year retention rates},
  author={Plagge, Mark},
  booktitle={Proceedings of the 51st ACM Southeast Conference},
  pages={17},
  year={2013},
  organization={ACM}
}

@inproceedings{lakkaraju2015machine,
  title={A machine learning framework to identify students at risk of adverse academic outcomes},
  author={Lakkaraju, Himabindu and Aguiar, Everaldo and Shan, Carl and Miller, David and Bhanpuri, Nasir and Ghani, Rayid and Addison, Kecia L},
  booktitle={Proceedings of the 21th ACM SIGKDD International Conference on Knowledge Discovery and Data Mining},
  pages={1909--1918},
  year={2015},
  organization={ACM}
}

@article{marbouti2016models,
  title={Models for early prediction of at-risk students in a course using standards-based grading},
  author={Marbouti, Farshid and Diefes-Dux, Heidi A and Madhavan, Krishna},
  journal={Computers \& Education},
  volume={103},
  pages={1--15},
  year={2016},
  publisher={Elsevier}
}

